@ARTICLE{AHF,
    author = {{Knollmann}, S.~R. and {Knebe}, A.},
    title = "{AHF: Amiga's Halo Finder}",
    journal = {\apj},
    archivePrefix = "arXiv",
    eprint = {0904.3662},
    keywords = {methods: numerical},
    year = 2009,
    month = jun,
    volume = 182,
    pages = {608-624},
    doi = {10.1088/0067-0049/182/2/608},
    adsurl = {http://adsabs.harvard.edu/abs/2009ApJS..182..608K},
    adsnote = {Provided by the SAO/NASA Astrophysics Data System}
}

@ARTICLE{AMR,
   author = {{Berger}, M.~J. and {Colella}, P.},
    title = "{Local adaptive mesh refinement for shock hydrodynamics}",
  journal = {Journal of Computational Physics},
 keywords = {Conservation Laws, Grid Generation (Mathematics), Hydrodynamics, Shock Waves, Algorithms, Boundary Integral Method, Discontinuity, Error Analysis, Euler Equations Of Motion, Numerical Analysis},
     year = 1989,
    month = may,
   volume = 82,
    pages = {64-84},
      doi = {10.1016/0021-9991(89)90035-1},
   adsurl = {http://adsabs.harvard.edu/abs/1989JCoPh..82...64B},
  adsnote = {Provided by the SAO/NASA Astrophysics Data System}
}
